@misc{jmbiv,
	author = {jmbiv},
	title = {How to make a Top-down Shooter in Godot},
	year = {2020},
	howpublished="\url{https://www.youtube.com/playlist?list=PLpwc3ughKbZexDyPexHN2MXLliKAovkpl}",
	urldate = {2022-10-2}
}

@misc{godot,
	author = {Juan Linietsky, Ariel Manzur},
	title = {Godot Engine},
	year = {2022},
	howpublished="\url{https://godotengine.org/}",
	urldate = {2022-10-2}
}
