@misc{jmbiv,
	author = {jmbiv},
	title = {How to make a Top-down Shooter in Godot},
	year = {2020},
	howpublished="\url{https://www.youtube.com/playlist?list=PLpwc3ughKbZexDyPexHN2MXLliKAovkpl}",
	urldate = {2022-10-2}
}

@misc{godot,
	author = {Juan Linietsky and Ariel Manzur},
	title = {Godot Engine},
	year = {2022},
	howpublished="\url{https://godotengine.org/}",
	urldate = {2022-10-2}
}

@misc{mspaint,
	author = {Microsoft Corporation},
	title = {Microsoft Paint},
	year = {2020},
	howpublished="\url{https://apps.microsoft.com/store/detail/paint/9PCFS5B6T72H?hl=en-us&gl=us}",
	urldate = {2022-12-4}
}

@misc{gdscript,
	author = {Godot Development Team and Godot Community},
	title = {GDScript},
	year = {2022},
	howpublished="\url{https://godotengine.org/https://docs.godotengine.org/en/stable/index.html}",
	urldate = {2022-12-4}
}

@misc{googlesheets,
	author = {Google LLC},
	title = {Google Sheets},
	year = {2006},
	howpublished="\url{https://sheets.google.com/}",
	urldate = {2022-12-4}
}
